@book{boettcher2020,
  title = {Jörg Böttcher :Kompendium Messtechnik und Sensorik - bei Hugendubel},
  shorttitle = {Jörg Böttcher},
  author = {Böttcher, Jörg},
  year = {20209},
  publisher = {{Books on Demand}},
  url = {https://www.hugendubel.de/de/ebook_epub/joerg_boettcher-kompendium_messtechnik_und_sensorik-39585264-produkt-details.html},
  urldate = {2022-09-25},
  abstract = {Kompendium Messtechnik und Sensorik, eBook epub von Jörg Böttcher bei hugendubel.de als Download für Tolino, eBook-Reader, PC, Tablet und Smartphone.},
  langid = {ngerman},
  file = {/Users/KSIsleif/Zotero/storage/Z82SIUBK/joerg_boettcher-kompendium_messtechnik_und_sensorik-39585264-produkt-details.html}
}

@book{parthier2020,
  title = {Messtechnik: Vom SI-Einheitensystem über Bewertung von Messergebnissen zu Anwendungen der elektrischen Messtechnik},
  shorttitle = {Messtechnik},
  author = {Parthier, Rainer},
  year = {2020},
  publisher = {{Springer Fachmedien Wiesbaden}},
  location = {{Wiesbaden}},
  doi = {10.1007/978-3-658-27131-2},
  url = {http://link.springer.com/10.1007/978-3-658-27131-2},
  urldate = {2022-09-15},
  isbn = {978-3-658-27130-5 978-3-658-27131-2},
  langid = {ngerman},
  file = {/Users/KSIsleif/Zotero/storage/QVVUBZQR/Parthier - 2020 - Messtechnik Vom SI-Einheitensystem über Bewertung.pdf}
}

@book{puenteleon2019,
  title = {Messtechnik: Grundlagen, Methoden und Anwendungen},
  shorttitle = {Messtechnik},
  author = {Puente León, Fernando},
  year = {2019},
  publisher = {{Springer Berlin Heidelberg}},
  location = {{Berlin, Heidelberg}},
  doi = {10.1007/978-3-662-59767-5},
  url = {http://link.springer.com/10.1007/978-3-662-59767-5},
  urldate = {2022-09-15},
  isbn = {978-3-662-59766-8 978-3-662-59767-5},
  langid = {ngerman},
  file = {/Users/KSIsleif/Zotero/storage/6PDJLRHX/Puente León - 2019 - Messtechnik Grundlagen, Methoden und Anwendungen.pdf}
}
