@BOOK{Gates2021,
	AUTHOR = {Gates, Bill},
	YEAR = {2021},
	TITLE = {Wie wir die Klimakatastrophe verhindern - welche Lösungen es gibt und welche Fortschritte nötig sind},
	EDITION = {},
	ISBN = {978-3-492-07100-0},
	PUBLISHER = {Piper},
	ADDRESS = {München},
}